@incollection{1975_fuzzy_graphs,
	title={Fuzzy graphs},
	author={Rosenfeld, Azriel},
	booktitle={Fuzzy sets and their applications to cognitive and decision processes},
	pages={77--95},
	year={1975},
	publisher={Elsevier}
}

@article{2002_fuzzy_graph_morphisms,
	title={Fuzzy morphisms between graphs},
	author={Perchant, Aymeric and Bloch, Isabelle},
	journal={Fuzzy Sets and Systems},
	volume={128},
	number={2},
	pages={149--168},
	year={2002},
	publisher={North-Holland},
}
